<record><leader>00000cas a22000007a 4500</leader><controlfield tag="001">28354396</controlfield><controlfield tag="008">930629d18911895okuwr ne      0    0eng d</controlfield><datafield ind1=" " ind2=" " tag="010"><subfield code="a">sn 93066070 </subfield></datafield><datafield ind1=" " ind2=" " tag="040"><subfield code="a">OBN</subfield><subfield code="b">eng</subfield><subfield code="c">OBN</subfield><subfield code="d">OCL</subfield><subfield code="d">OCLCQ</subfield><subfield code="d">DLC</subfield><subfield code="d">OCLCQ</subfield></datafield><datafield ind1=" " ind2=" " tag="042"><subfield code="a">msc</subfield></datafield><datafield ind1="0" ind2=" " tag="130"><subfield code="a">Beaver advocate (Beaver, Okla. : 1891)</subfield></datafield><datafield ind1="1" ind2="4" tag="245"><subfield code="a">The Beaver advocate.</subfield></datafield><datafield ind1=" " ind2=" " tag="260"><subfield code="a">Beaver, O.T. [Okla.] :</subfield><subfield code="b">J.C. Hodge</subfield></datafield><datafield ind1=" " ind2=" " tag="300"><subfield code="a">v.</subfield></datafield><datafield ind1=" " ind2=" " tag="310"><subfield code="a">Weekly</subfield></datafield><datafield ind1="0" ind2=" " tag="362"><subfield code="a">-v. 8, no. 26 (Jan. 31, 1895).</subfield></datafield><datafield ind1="1" ind2=" " tag="362"><subfield code="a">Began in 1891.</subfield></datafield><datafield ind1=" " ind2=" " tag="588"><subfield code="a">Description based on: Vol. 6, no. 25 (Jan. 26, 1893).</subfield></datafield><datafield ind1=" " ind2="4" tag="651"><subfield code="a">Beaver (Okla.)</subfield><subfield code="v">Newspapers.</subfield></datafield><datafield ind1=" " ind2="4" tag="651"><subfield code="a">Beaver County (Okla.)</subfield><subfield code="v">Newspapers.</subfield></datafield><datafield ind1=" " ind2="4" tag="651"><subfield code="a">Oklahoma Territory (Okla.)</subfield><subfield code="v">Newspapers.</subfield></datafield><datafield ind1=" " ind2=" " tag="752"><subfield code="a">United States</subfield><subfield code="b">Oklahoma</subfield><subfield code="c">Beaver</subfield><subfield code="d">Beaver.</subfield></datafield><datafield ind1="0" ind2="0" tag="780"><subfield code="t">Territorial advocate</subfield><subfield code="w">(DLC)sn 93066069</subfield><subfield code="w">(OCoLC)28354328</subfield></datafield><datafield ind1="0" ind2="0" tag="785"><subfield code="t">Beaver herald</subfield><subfield code="x">2158-4753</subfield><subfield code="w">(DLC)sn 93066071</subfield><subfield code="w">(OCoLC)28354686</subfield></datafield><datafield ind1="1" ind2=" " tag="029"><subfield code="a">AU@</subfield><subfield code="b">000025884514</subfield></datafield></record>